<record><leader>00000cas a22000007a 4500</leader><controlfield tag="001">12036615</controlfield><controlfield tag="008">850515d18521852ohuwr ne      0    0eng d</controlfield><datafield ind1=" " ind2=" " tag="010"><subfield code="a">sn 85026111 </subfield></datafield><datafield ind1=" " ind2=" " tag="040"><subfield code="a">NPX</subfield><subfield code="b">eng</subfield><subfield code="c">NPX</subfield><subfield code="d">ONP</subfield><subfield code="d">OCLCQ</subfield></datafield><datafield ind1=" " ind2=" " tag="042"><subfield code="a">msc</subfield></datafield><datafield ind1="0" ind2=" " tag="130"><subfield code="a">Morning star (Logan, Ohio)</subfield></datafield><datafield ind1="1" ind2="4" tag="245"><subfield code="a">The Morning star.</subfield></datafield><datafield ind1=" " ind2=" " tag="260"><subfield code="a">Logan, Ohio :</subfield><subfield code="b">James K. Rochester,</subfield><subfield code="c">1852.</subfield></datafield><datafield ind1=" " ind2=" " tag="300"><subfield code="a">v.</subfield></datafield><datafield ind1=" " ind2=" " tag="310"><subfield code="a">Weekly</subfield></datafield><datafield ind1="0" ind2=" " tag="362"><subfield code="a">Vol. 1, no. 1 (Aug. 6, 1852)-v. 1, no. 22 (Dec. 31, 1852).</subfield></datafield><datafield ind1=" " ind2=" " tag="752"><subfield code="a">United States</subfield><subfield code="b">Ohio</subfield><subfield code="c">Hocking</subfield><subfield code="d">Logan.</subfield></datafield><datafield ind1="0" ind2="0" tag="785"><subfield code="t">Hocking County star</subfield><subfield code="w">(DLC)sn 89076143</subfield></datafield></record>